<?xml version="1.0" encoding="UTF-8"?><record xmlns="http://www.loc.gov/MARC21/slim" xmlns:cinclude="http://apache.org/cocoon/include/1.0" xmlns:zs="http://www.loc.gov/zing/srw/">
  <leader>00514nz  a2200121n  4500</leader>
  <controlfield tag="001">nr 97011956 </controlfield>
  <controlfield tag="003">DLC</controlfield>
  <controlfield tag="005">19970329125324.2</controlfield>
  <controlfield tag="008">970328n| acannaab|          |n aaa     c</controlfield>
  <datafield tag="010" ind1=" " ind2=" ">
    <subfield code="a">nr 97011956 </subfield>
  </datafield>
  <datafield tag="040" ind1=" " ind2=" ">
    <subfield code="a">NN</subfield>
    <subfield code="c">NN</subfield>
  </datafield>
  <datafield tag="100" ind1="1" ind2="0">
    <subfield code="a">Janssen, Edzard,</subfield>
    <subfield code="d">1965-</subfield>
  </datafield>
  <datafield tag="670" ind1=" " ind2=" ">
    <subfield code="a">Gesellschaften im Umbruch? Aspekte des Wertewandels in Deutschland, Japan und Osteuropa, 1996:</subfield>
    <subfield code="b">t.p. (Edzard Janssen) p. 269 (Edzard Janssen, M.A.; b. 1965 in Papenburg/Elmsland; 1987-1994 Magisterstudium an der Universitat Bonn, major in Japanese studies)</subfield>
  </datafield>
</record>